@inproceedings{cho1995customer,
  title={Customer short term load forecasting by using ARIMA transfer function model},
  author={Cho, MY and Hwang, JC and Chen, CS},
  booktitle={Energy Management and Power Delivery, 1995. Proceedings of EMPD'95., 1995 International Conference on},
  volume={1},
  pages={317--322},
  year={1995},
  organization={IEEE}
}

@article{chen2004load,
  title={Load forecasting using support vector machines: A study on EUNITE competition 2001},
  author={Chen, Bo-Juen and Chang, Ming-Wei and Lin, Chih-Jen},
  journal={Power Systems, IEEE Transactions on},
  volume={19},
  number={4},
  pages={1821--1830},
  year={2004},
  publisher={IEEE}
}

@article{hart2004weather,
  title={Weather sensitivity in household appliance energy end-use},
  author={Hart, Melissa and de Dear, Richard},
  journal={Energy and Buildings},
  volume={36},
  number={2},
  pages={161--174},
  year={2004},
  publisher={Elsevier}
}

@article{hsu2003regional,
  title={Regional load forecasting in Taiwan----applications of artificial neural networks},
  author={Hsu, Che-Chiang and Chen, Chia-Yon},
  journal={Energy conversion and Management},
  volume={44},
  number={12},
  pages={1941--1949},
  year={2003},
  publisher={Elsevier}
}

@article{mcloughlin2015clustering,
  title={A clustering approach to domestic electricity load profile characterisation using smart metering data},
  author={McLoughlin, Fintan and Duffy, Aidan and Conlon, Michael},
  journal={Applied energy},
  volume={141},
  pages={190--199},
  year={2015},
  publisher={Elsevier}
}

